@article{dijkstra1968,
    author={Dijkstra, E.W.},
    title={Co-Operating Sequential Processes},
    journal = {F. Genuys (ed.): Programming Languages},
    year={1968},
    pages = {43--112},
    publisher={Academic Press}
}
@book{magee1999, 
	author = {Magee, J. and Kramer, J.},
    title = {Concurrency: state models \& java programs},
    year = 1999,
    publisher = {John Wiley \& Sons}
}

@article{rensink2004,
  title={The {GROOVE} simulator: A tool for state space generation},
  author={Rensink, A.},
  journal={Applications of Graph Transformations with Industrial Relevance},
  pages={479--485},
  year={2004},
  publisher={Springer}
}

@misc{aalbertsberg2015,
	author = {Aalbertsberg, A.},
    title = {Dynamic Visualization of State Transition Systems},
    year = 2015,
	howpublished = {\url{https://github.com/Vaeil/StateTransAnimation/blob/master/report/report.pdf}}
}

@misc{joptsimple,
	author = {Holser, P.},
    title = {{JOpt} Simple: A Java library for parsing command line options},
	howpublished = {\url{https://pholser.github.io/jopt-simple/}}
}

@book{kuchana2004,
  title={Software architecture design patterns in Java},
  author={Kuchana, P.},
  year={2004},
  publisher={CRC Press}
}

@book{sourcemaking,
  author = {Shvets, A.},
  title = {Design Patterns Explained Simply},
  publisher = {Sourcemaking.com}
}

@misc{groovy,
  key = {Groovy},
  title = {Groovy: A multi-faceted language for the Java platform},
  howpublished = {\url{http://groovy-lang.org/}}
}

@misc{junit,
	key = {JUnit},
	title = {JUnit: a simple framework to write repeatable tests},
	howpublished = {\url{http://junit.org/}}
}

@book{huth2004,
  title={Logic in Computer Science: Modelling and Reasoning about Systems},
  author={Huth, M. and Ryan, M.},
  isbn={9781139453059},
  url={https://books.google.nl/books?id=sVLOaObSBHkC},
  pages={199--201},
  year={2004},
  publisher={Cambridge University Press}
}
@article{markiewicz2001,
	author = {Markiewicz, Marcus Eduardo and de Lucena, Carlos J. P.},
	title = {Object Oriented Framework Development},
	journal = {Crossroads},
	issue_date = {June 2001},
	volume = {7},
	number = {4},
	month = jul,
	year = {2001},
	issn = {1528-4972},
	pages = {3--9},
	numpages = {7},
	url = {http://doi.acm.org/10.1145/372765.372771},
	doi = {10.1145/372765.372771},
	acmid = {372771},
	publisher = {ACM},
	address = {New York, NY, USA},
}
@article{fayad1997,
	author = {Fayad, Mohamed and Schmidt, Douglas C.},
	title = {Object-oriented Application Frameworks},
	journal = {Commun. ACM},
	issue_date = {Oct. 1997},
	volume = {40},
	number = {10},
	month = oct,
	year = {1997},
	issn = {0001-0782},
	pages = {32--38},
	numpages = {7},
	url = {http://doi.acm.org/10.1145/262793.262798},
	doi = {10.1145/262793.262798},
	acmid = {262798},
	publisher = {ACM},
	address = {New York, NY, USA},
}
